
              <marcx:record format="danMARC2" type="BibliographicMain">
                <marcx:leader>00000c    2200000   4500</marcx:leader>
                <marcx:datafield ind1="0" ind2="0" tag="001">
                  <marcx:subfield code="a">50197204</marcx:subfield>
                  <marcx:subfield code="b">870970</marcx:subfield>
                  <marcx:subfield code="c">20130725110433</marcx:subfield>
                  <marcx:subfield code="d">19900608</marcx:subfield>
                  <marcx:subfield code="f">a</marcx:subfield>
                </marcx:datafield>
                <marcx:datafield ind1="0" ind2="0" tag="004">
                  <marcx:subfield code="r">c</marcx:subfield>
                  <marcx:subfield code="a">h</marcx:subfield>
                </marcx:datafield>
                <marcx:datafield ind1="0" ind2="0" tag="008">
                  <marcx:subfield code="u">c</marcx:subfield>
                  <marcx:subfield code="a">1942</marcx:subfield>
                  <marcx:subfield code="b">dk</marcx:subfield>
                  <marcx:subfield code="c">a</marcx:subfield>
                  <marcx:subfield code="h">z</marcx:subfield>
                  <marcx:subfield code="i">b</marcx:subfield>
                  <marcx:subfield code="l">dan</marcx:subfield>
                  <marcx:subfield code="v">0</marcx:subfield>
                </marcx:datafield>
                <marcx:datafield ind1="0" ind2="0" tag="009">
                  <marcx:subfield code="a">a</marcx:subfield>
                  <marcx:subfield code="g">xx</marcx:subfield>
                </marcx:datafield>
                <marcx:datafield ind1="0" ind2="0" tag="018">
                  <marcx:subfield code="a">06798845</marcx:subfield>
                </marcx:datafield>
                <marcx:datafield ind1="0" ind2="0" tag="022">
                  <marcx:subfield code="a">0085-6339</marcx:subfield>
                </marcx:datafield>
                <marcx:datafield ind1="0" ind2="0" tag="082">
                  <marcx:subfield code="a">948.91</marcx:subfield>
                </marcx:datafield>
                <marcx:datafield ind1="0" ind2="0" tag="222">
                  <marcx:subfield code="a">Søllerødbogen</marcx:subfield>
                  <marcx:subfield code="b">Holte</marcx:subfield>
                </marcx:datafield>
                <marcx:datafield ind1="0" ind2="0" tag="245">
                  <marcx:subfield code="a">Søllerødbogen</marcx:subfield>
                  <marcx:subfield code="e">udgivet af Historisk-topografisk Selskab for Søllerødegnen</marcx:subfield>
                  <marcx:subfield code="e">i samarbejde med Rudersdal Museer</marcx:subfield>
                </marcx:datafield>
                <marcx:datafield ind1="0" ind2="0" tag="255">
                  <marcx:subfield code="a">1942-</marcx:subfield>
                </marcx:datafield>
                <marcx:datafield ind1="0" ind2="0" tag="260">
                  <marcx:subfield code="a">Holte</marcx:subfield>
                  <marcx:subfield code="b">Historisk-topografisk Selskab for Søllerødegnen</marcx:subfield>
                  <marcx:subfield code="c">1942-</marcx:subfield>
                </marcx:datafield>
                <marcx:datafield ind1="0" ind2="0" tag="300">
                  <marcx:subfield code="b">Ill. (nogle i farver)</marcx:subfield>
                </marcx:datafield>
                <marcx:datafield ind1="0" ind2="0" tag="500">
                  <marcx:subfield code="a">Årlig</marcx:subfield>
                </marcx:datafield>
                <marcx:datafield ind1="0" ind2="0" tag="505">
                  <marcx:subfield code="&amp;">1</marcx:subfield>
                  <marcx:subfield code="a">Årspublikation</marcx:subfield>
                </marcx:datafield>
                <marcx:datafield ind1="0" ind2="0" tag="532">
                  <marcx:subfield code="a">Hertil hører: Register 1942-1999 / Historisk-topografisk Selskab, Byhistorisk Arkiv, Søllerød Museum. - 2000</marcx:subfield>
                </marcx:datafield>
                <marcx:datafield ind1="0" ind2="0" tag="539">
                  <marcx:subfield code="a">2013</marcx:subfield>
                </marcx:datafield>
                <marcx:datafield ind1="0" ind2="0" tag="652">
                  <marcx:subfield code="m">46.4</marcx:subfield>
                  <marcx:subfield code="b">Søllerødegnen</marcx:subfield>
                </marcx:datafield>
                <marcx:datafield ind1="0" ind2="0" tag="710">
                  <marcx:subfield code="a">Historisk-Topografisk Selskab for Søllerødegnen</marcx:subfield>
                </marcx:datafield>
                <marcx:datafield ind1="0" ind2="0" tag="710">
                  <marcx:subfield code="a">Rudersdal Museer</marcx:subfield>
                </marcx:datafield>
              </marcx:record>